<record><leader>00000cas a22000007a 4500</leader><controlfield tag="001">12720247</controlfield><controlfield tag="008">851025d19231923iaudn ne      0    0eng d</controlfield><datafield ind1=" " ind2=" " tag="010"><subfield code="a">sn 85050901 </subfield></datafield><datafield ind1=" " ind2=" " tag="040"><subfield code="a">INP</subfield><subfield code="b">eng</subfield><subfield code="c">INP</subfield><subfield code="d">NSD</subfield><subfield code="d">OCLCQ</subfield></datafield><datafield ind1=" " ind2=" " tag="042"><subfield code="a">msc</subfield></datafield><datafield ind1="0" ind2="4" tag="245"><subfield code="a">The Boone news-Republican and pioneer.</subfield></datafield><datafield ind1="3" ind2="0" tag="246"><subfield code="a">Boone news-Republican</subfield></datafield><datafield ind1=" " ind2=" " tag="260"><subfield code="a">Boone, Iowa :</subfield><subfield code="b">S.G. Goldthwaite,</subfield><subfield code="c">1923.</subfield></datafield><datafield ind1=" " ind2=" " tag="300"><subfield code="a">1 v. :</subfield><subfield code="b">ill. ;</subfield><subfield code="c">56 cm.</subfield></datafield><datafield ind1=" " ind2=" " tag="310"><subfield code="a">Daily (except Sunday)</subfield></datafield><datafield ind1="0" ind2=" " tag="362"><subfield code="a">Vol. 35, no. 155 (July 2, 1923)-v. 35, no. 307 (Dec. 31, 1923) = N.-R. v. 17, no. 231-N.-R. v. 18, no. 77.</subfield></datafield><datafield ind1=" " ind2=" " tag="500"><subfield code="a">Official paper of Boone County.</subfield></datafield><datafield ind1=" " ind2=" " tag="752"><subfield code="a">United States</subfield><subfield code="b">Iowa</subfield><subfield code="c">Boone</subfield><subfield code="d">Boone.</subfield></datafield><datafield ind1="0" ind2="4" tag="780"><subfield code="t">Boone County pioneer (Boone, Iowa)</subfield><subfield code="w">(DLC)sn 85049565</subfield></datafield><datafield ind1="0" ind2="4" tag="780"><subfield code="t">Boone news-Republican (Boone, Iowa : 1906 : Daily)</subfield><subfield code="w">(DLC)sn 85050942</subfield></datafield><datafield ind1="0" ind2="0" tag="785"><subfield code="t">Boone news-Republican (Boone, Iowa : 1924)</subfield><subfield code="x">1050-4087</subfield><subfield code="w">(DLC)sn 85050902</subfield></datafield></record>